@inproceedings{yabandeh2011finding,
  title={Finding almost-invariants in distributed systems},
  author={Yabandeh, Maysam and Anand, Abhishek and Canini, Marco and Kostic, Dejan},
  booktitle={Reliable Distributed Systems (SRDS), 2011 30th IEEE Symposium on},
  pages={177--182},
  year={2011},
  organization={IEEE}
}
@article{NeWinEGKL04,
   author = {Ne Win, Toh and Michael D. Ernst and Stephen J. Garland and
  Dilsun K{\i}rl{\i} and Nancy Lynch},
   title = {Using simulated execution in verifying distributed algorithms},
   journal = {Software Tools for Technology Transfer},
   volume = {6},
   number = {1},
   pages = {67--76},
   month = jul,
   year = {2004}
}
@misc{static_golang,
  title = {Static analysis features of godoc - The Go Programming Language},
  howpublished = "{http://golang.org/lib/godoc/analysis/help.html}",
  urldate = {2015-02-11},
}
@article{ernst2001dynamically,
  title={Dynamically discovering likely program invariants to support program evolution},
  author={Ernst, Michael D and Cockrell, Jake and Griswold, William G and Notkin, David},
  journal={Software Engineering, IEEE Transactions on},
  volume={27},
  number={2},
  pages={99--123},
  year={2001},
  publisher={IEEE}
}
@article{ernst2007daikon,
  title={The Daikon system for dynamic detection of likely invariants},
  author={Ernst, Michael D and Perkins, Jeff H and Guo, Philip J and McCamant, Stephen and Pacheco, Carlos and Tschantz, Matthew S and Xiao, Chen},
  journal={Science of Computer Programming},
  volume={69},
  number={1},
  pages={35--45},
  year={2007},
  publisher={Elsevier}
}

@inproceedings{temporalInv,
 author = {Beschastnikh, Ivan and Brun, Yuriy and Ernst, Michael D. and Krishnamurthy, Arvind and Anderson, Thomas E.},
 title = {Mining Temporal Invariants from Partially Ordered Logs},
 booktitle = {Managing Large-scale Systems via the Analysis of System Logs and the Application of Machine Learning Techniques},
 series = {SLAML '11},
 year = {2011},
 location = {Cascais, Portugal},
 pages = {3:1--3:10},
 articleno = {3},
 numpages = {10},
 publisher = {ACM},
 address = {New York, NY, USA},
} 